@inproceedings{samir2007swing2script,
  title={Swing2script: Migration of java-swing applications to ajax web applications},
  author={Samir, Hani and Stroulia, Eleni and Kamel, Amr},
  booktitle={Reverse Engineering, 2007. WCRE 2007. 14th Working Conference on},
  pages={179--188},
  year={2007},
  organization={IEEE}
}
