@inproceedings{samir2007swing2script,
  title={Swing2script: Migration of java-swing applications to ajax web applications},
  author={Samir, Hani and Stroulia, Eleni and Kamel, Amr},
  booktitle={Reverse Engineering, 2007. WCRE 2007. 14th Working Conference on},
  pages={179--188},
  year={2007},
  organization={IEEE}
}

@inproceedings{zhong2010mining,
  title={Mining API mapping for language migration},
  author={Zhong, Hao and Thummalapenta, Suresh and Xie, Tao and Zhang, Lu and Wang, Qing},
  booktitle={Proceedings of the 32nd ACM/IEEE International Conference on Software Engineering-Volume 1},
  pages={195--204},
  year={2010},
  organization={ACM}
}

@inproceedings{teyton2013automatic,
  title={Automatic discovery of function mappings between similar libraries},
  author={Teyton, C{\'e}dric and Falleri, Jean-R{\'e}my and Blanc, Xavier},
  booktitle={Reverse Engineering (WCRE), 2013 20th Working Conference on},
  pages={192--201},
  year={2013},
  organization={IEEE}
}

@inproceedings{phan2017statistical,
  title={Statistical migration of API usages},
  author={Phan, Hung Dang and Nguyen, Anh Tuan and Nguyen, Trong Duc and Nguyen, Tien N},
  booktitle={Software Engineering Companion (ICSE-C), 2017 IEEE/ACM 39th International Conference on},
  pages={47--50},
  year={2017},
  organization={IEEE}
}

@article{hora2015automatic,
  title={Automatic detection of system-specific conventions unknown to developers},
  author={Hora, Andr{\'e} and Anquetil, Nicolas and Etien, Anne and Ducasse, St{\'e}phane and Valente, Marco T{\'u}lio},
  journal={Journal of Systems and Software},
  volume={109},
  pages={192--204},
  year={2015},
  publisher={Elsevier}
}
